
@article{janssen-98,
  title={Algebraic translations, correctness and algebraic compiler construction},
  author={Janssen, Theo MV},
  journal={Theoretical Computer Science},
  volume={199},
  number={1},
  pages={25--56},
  year={1998},
  publisher={Elsevier}
}
 
@article{goguen-77,
  title={Initial algebra semantics and continuous algebras},
  author={Goguen, Joseph A and Thatcher, James W and Wagner, Eric G and Wright, Jesse B},
  journal={Journal of the ACM (JACM)},
  volume={24},
  number={1},
  pages={68--95},
  year={1977},
  publisher={ACM}
}


@inproceedings{thatcher-80,
  title={More on advice on structuring compilers and proving them correct},
  author={Thatcher, James W and Wagner, Eric G and Wright, Jesse B},
  booktitle={International Workshop on Semantics-Directed Compiler Generation},
  pages={165--188},
  year={1980},
  organization={Springer}
}

 

@inproceedings{capretta-99,
  title={Universal algebra in type theory},
  author={Capretta, Venanzio},
  booktitle={International Conference on Theorem Proving in Higher Order Logics},
  pages={131--148},
  year={1999},
  organization={Springer}
}

@inproceedings{agda,
  title={A brief overview of Agda--a functional language with dependent types},
  author={Bove, Ana and Dybjer, Peter and Norell, Ulf},
  booktitle={International Conference on Theorem Proving in Higher Order Logics},
  pages={73--78},
  year={2009},
  organization={Springer}
}


@book{handbook,
  title={Handbook of logic in computer science},
  author={Abramsky, Samson and Gabbay, Dov M and Maibaum, Thomas SE},
  volume={1},
  year={1992},
  publisher={Clarendon Press Oxford}
}

@misc{vecH,
    author    = "Emmanuel Gunther",
    title     = "Vectores heterogéneos en Agda",
    year      = 2016,
    url       = "https://git.cs.famaf.unc.edu.ar/semantica-de-la-programacion/algebras-universales/blob/master/VecH.agda"
}

@misc{algTransf,
    author    = "Emmanuel Gunther",
    title     = "Transformación de álgebras en Agda",
    year      = 2016,       
    url       = "https://git.cs.famaf.unc.edu.ar/semantica-de-la-programacion/algebras-universales/blob/master/AlgTransf.agda"
}

@misc{univAlgebra,
    author    = "Emmanuel Gunther",
    title     = "Formalización de álgebras universales en Agda",
    year      = 2016,
    url       = "https://git.cs.famaf.unc.edu.ar/semantica-de-la-programacion/algebras-universales/blob/master/UnivAlgebra.agda"
}

@misc{ejemploCorrectC,
    author    = "Emmanuel Gunther",
    title     = "Ejemplo de un compilador correcto utilizando el framework algebraico",
    year      = 2016,
    url       = "https://git.cs.famaf.unc.edu.ar/semantica-de-la-programacion/algebras-universales/blob/master/UnivAlgebra.agda"
}