@article{goguen-remarks-87,
  author    = {Joseph A. Goguen and
               Jos{\'{e}} Meseguer},
  title     = {Remarks on Remarks on Many-Sorted Equational Logic},
  journal   = {{SIGPLAN} Notices},
  volume    = {22},
  number    = {4},
  pages     = {41--48},
  year      = {1987}
}

@article{goguen-adj,
  author    = {Joseph A. Goguen},
  title     = {Memories of {ADJ}},
  journal   = {Bulletin of the {EATCS}},
  volume    = {39},
  pages     = {96--102},
  year      = {1989}
}

@article{vidal-06,
  author    = {Juan Climent Vidal and
               Juan Soliveres Tur},
  title     = {On the Completeness Theorem of Many-sorted Equational Logic and the
               Equivalence between {H}all {A}lgebras and {B}{\'{e}}nabou Theories},
  journal   = {Reports on Mathematical Logic},
  volume    = {40},
  pages     = {127--158},
  year      = {2006},
  url       = {http://www.iphils.uj.edu.pl/rml/rml-40/06-climent.pdf},
}

@article{thatcher1981more,
  title={More on advice on structuring compilers and proving them correct},
  author={Thatcher, James W and Wagner, Eric G and Wright, Jesse B},
  journal={Theoretical Computer Science},
  volume={15},
  number={3},
  pages={223--249},
  year={1981},
  publisher={Elsevier}
}

@article{spitters-algebraic-11,
  author    = {Bas Spitters and
               Eelis van der Weegen},
  title     = {Type classes for mathematics in type theory},
  journal   = {Mathematical Structures in Computer Science},
  volume    = {21},
  number    = {4},
  pages     = {795--825},
  year      = {2011},
}


@book{dijkstra-scholten,
    address = {New York, NY},
    author = {Dijkstra, Edsger W. and Scholten, Carel S.},
    booktitle = {Predicate Calculus and Program Semantics},
    citeulike-article-id = {14336476},
    citeulike-linkout-0 = {http://dx.doi.org/10.1007/978-1-4612-3228-5},
    doi = {10.1007/978-1-4612-3228-5},
    isbn = {978-1-4612-7924-2},
    posted-at = {2017-04-12 19:36:14},
    priority = {2},
    publisher = {Springer New York},
    title = {{Predicate Calculus and Program Semantics}},
    url = {http://dx.doi.org/10.1007/978-1-4612-3228-5},
    year = {1990}
}

@MISC{agda,
  author = {},
  title = {{Agda}},
  howpublished = {http://agda.readthedocs.io/}
}

@Inbook{Rocha2015,
author="Rocha, Camilo",
editor="Mart{\'i}-Oliet, Narciso and {\"O}lveczky, Peter Csaba and Talcott, Carolyn",
title="The Formal System of Dijkstra and Scholten",
bookTitle="Logic, Rewriting, and Concurrency: Essays Dedicated to Jos{\'e} Meseguer on the Occasion of His 65th Birthday",
year="2015",
publisher="Springer International Publishing",
isbn="978-3-319-23165-5",
doi="10.1007/978-3-319-23165-5_27",
}

@article{tarlecki-nuances,
  author    = {Andrzej Tarlecki},
  title     = {Some Nuances of Many-sorted Universal Algebra: {A} Review},
  journal   = {Bulletin of the {EATCS}},
  volume    = {104},
  pages     = {89--111},
  year      = {2011},
  url       = {http://albcom.lsi.upc.edu/ojs/index.php/beatcs/article/view/79},
}


@inproceedings{adj-abstract-data-types,
  author    = {Goguen, Joseph A and Thatcher, James W and Wagner, Eric G and Wright, Jesse B},
  title     = {Abstract data types as initial algebras and the correctness of data representations},
  booktitle = {Conference on Computer Graphics, Pattern Recognition, \& Data Structure, UCLA},
  pages     = {89--93},
  year      = {1975},
  crossref  = {compgraph-1975},
}

@proceedings{compgraph-1975,
  title     = {Conference on Computer Graphics, Pattern Recognition, \& Data Structure, UCLA},
  publisher = {{IEEE} Computer Society},
  year      = {1975},
}


@TechReport{huet-rewrite,
  author = 	 {Huet, Gerard and Oppen, Derek C.},
  title = 	 {Equations and rewrite rules: a survey},
  institution =  {Stanford University, Department of Computer Science},
  year = 	 {1980},
  number = 	 {STAN//CS-TR-80-785},
  month = 	 {January},
}



@inproceedings{salvesen-subsets,
  author    = {Anne Salvesen and
               Jan M. Smith},
  title     = {The Strength of the Subset Type in {M}artin-{L}{\"{o}}f's Type Theory},
  booktitle = {Proceedings of the Third Annual Symposium on Logic in Computer Science
               {(LICS} '88), Edinburgh, Scotland, UK, July 5-8, 1988},
  pages     = {384--391},
  year      = {1988},
  crossref  = {DBLP:conf/lics/1988},
  url       = {https://doi.org/10.1109/LICS.1988.5135},
}

@proceedings{DBLP:conf/lics/1988,
  title     = {Proceedings of the Third Annual Symposium on Logic in Computer Science
               {(LICS} '88), Edinburgh, Scotland, UK, July 5-8, 1988},
  publisher = {{IEEE} Computer Society},
  year      = {1988},
  url       = {http://ieeexplore.ieee.org/xpl/mostRecentIssue.jsp?punumber=203},
  isbn      = {0-8186-0853-6},
  timestamp = {Fri, 21 Nov 2014 14:08:55 +0100},
  biburl    = {http://dblp.dagstuhl.de/rec/bib/conf/lics/1988},
  bibsource = {dblp computer science bibliography, http://dblp.org}
}

@incollection{huet-cct,
 author = {Huet, G{\'e}rarde and Sa\"{\i}bi, Amokrane},
 title = {Constructive Category Theory},
 booktitle = {Proof, Language, and Interaction},
 editor = {Plotkin, Gordon and Stirling, Colin and Tofte, Mads},
 year = {2000},
 isbn = {0-262-16188-5},
 pages = {239--275},
 numpages = {37},
 publisher = {MIT Press},
 address = {Cambridge, MA, USA},
}

@incollection{meinke-tucker-1992,
 author = {Meinke, K. and Tucker, J. V.},
 title = {Universal Algebra},
 booktitle = {Handbook of Logic in Computer Science (Vol. 1)},
 editor = {Abramsky, S. and Maibaum, T. S. E.},
 year = {1992},
 isbn = {0-19-853735-2},
 pages = {189--368},
 publisher = {Oxford University Press, Inc.},
 address = {New York, NY, USA},
} 

@book{abramsky-handbook,
 editor = {Abramsky, S. and Maibaum, T. S. E.},
 title = {Handbook of Logic in Computer Science (Vol. 1): Background: Mathematical Structures},
 year = {1992},
 isbn = {0-19-853735-2},
 publisher = {Oxford University Press, Inc.},
 address = {New York, NY, USA},
} 



@incollection{meijer-92,
  title={More advice on proving a compiler correct: Improve a correct compiler},
  author={Meijer, Erik},
  booktitle={Declarative Programming, Sasbachwalden 1991},
  pages={255--273},
  year={1992},
  publisher={Springer}
}

@article{bahr-16,
        author = "Patrick Bahr and Graham Hutton",
        title = "{Calculating Correct Compilers}",
        journal = "J. Funct. Program.",
        publisher = "Cambridge University Press",
        volume = 25,
        month = sep,
        year = 2015}
	
@inproceedings{tan-16,
  author = {Tan, Yong Kiam and Magnus O. Myreen and Ramana Kumar and Anthony Fox and Scott Owens and Michael Norrish},
  title = {A New Verified Compiler Backend for {CakeML}},
  booktitle = {{\textbf{ICFP}} '16: Proceedings of the 21th ACM SIGPLAN International Conference on Functional Programming},
  pages = {60--73},
  year = 2016,
  month = sep,
  publisher = {ACM Press},
  doi = {10.1145/2951913.2951924}}

@article{leroy-09,
  author =        {Xavier Leroy},
  journal =       {Commun. ACM},
  number =        {7},
  pages =         {107--115},
  title =         {Formal verification of a realistic compiler},
  volume =        {52},
  year =          {2009},
}


@book{sampaio-97,
  title={An algebraic approach to compiler design},
  author={Sampaio, Augusto},
  volume={4},
  year={1997},
  publisher={World Scientific}
}

@PhdThesis{meijer-93,
  author = 	 {Erik Meijer},
  title = 	 {Calculating Compilers},
  school = 	 {Katholieke Universiteit Nijmegen},
  year = 	 {1993},
}

@article{vidal-2012,
  title={On the Morphisms and Transformations of Tsuyoshi Fujiwara},
  author={Vidal, Juan Climent and Tur, Juan Soliveres},
  journal={arXiv preprint arXiv:1201.5239},
  year={2012}
}


@inproceedings{fiore-2010,
  title={Second-order algebraic theories},
  author={Fiore, Marcelo and Mahmoud, Ola},
  booktitle={International Symposium on Mathematical Foundations of Computer Science},
  pages={368--380},
  year={2010},
  organization={Springer}
}

@article{fujiwara-1959,
author = "Fujiwara, Tsuyoshi",
journal = "Osaka Math. J.",
number = "2",
pages = "153--172",
publisher = "Osaka University and Osaka City University, Departments of Mathematics",
title = "On mappings between algebraic systems",
url = "http://projecteuclid.org/euclid.ojm/1200689635",
volume = "11",
year = "1959"
}


@incollection{wirth-2009,
	Author = {Claus-Peter Wirth and J{\"o}rg Siekmann and Christoph Benzm{\"u}ller and Serge Autexier},
	Booktitle = {Handbook of the History of Logic, Volume 5 -- Logic from Russell to Church},
	Doi = {10.1016/S1874-5857(09)70009-3},
	Editor = {Dov Gabbay and John Woods},
	Issn = {1874-5857},
	Keywords = {Jacques Herbrand, History of Logic},
	Publisher = {Elsevier},
	Title = {Jacques {Herbrand}: Life, Logic, and Automated Deduction},
	Url = {http://www.sciencedirect.com/science/article/pii/S1874585709700093},
	Year = 2009,
	Bdsk-Url-1 = {http://www.sciencedirect.com/science/article/pii/S1874585709700093},
	Bdsk-Url-2 = {http://dx.doi.org/10.1016/S1874-5857(09)70009-3}}

@Misc{danielsson-agdalib,
  key   = {The Agda Team},
  author = 	 {N. A. Danielsson and {\relax The Agda Team}},
  title = 	 {The Agda standard library, version 0.12},
  howpublished = {\url{https://github.com/agda/agda-stdlib}},
  year = 	 {2015},
}

@article{barthe-setoids-2003,
  author    = {Gilles Barthe and
               Venanzio Capretta and
               Olivier Pons},
  title     = {Setoids in type theory},
  journal   = {J. Funct. Program.},
  volume    = {13},
  number    = {2},
  pages     = {261--293},
  year      = {2003},
}

@inproceedings{kahl-2011,
  author    = {Wolfram Kahl},
  title     = {Dependently-Typed Formalisation of Relation-Algebraic Abstractions},
  booktitle = {{RAMICS}},
  series    = {Lecture Notes in Computer Science},
  volume    = {6663},
  pages     = {230--247},
  publisher = {Springer},
  year      = {2011}
}

@inproceedings{kahl-11,
  author    = {Wolfram Kahl},
  title     = {Dependently-Typed Formalisation of Relation-Algebraic Abstractions},
  booktitle = {Relational and Algebraic Methods in Computer Science - 12th International
               Conference, {RAMICS} 2011, Rotterdam, The Netherlands, May 30 - June
               3, 2011. Proceedings},
  pages     = {230--247},
  year      = {2011},
  crossref  = {DBLP:conf/RelMiCS/2011},
  url       = {https://doi.org/10.1007/978-3-642-21070-9_18},
  doi       = {10.1007/978-3-642-21070-9_18},
  timestamp = {Fri, 26 May 2017 00:49:45 +0200},
  biburl    = {http://dblp.uni-trier.de/rec/bib/conf/RelMiCS/Kahl11},
  bibsource = {dblp computer science bibliography, http://dblp.org}
}

@proceedings{DBLP:conf/RelMiCS/2011,
  editor    = {Harrie C. M. de Swart},
  title     = {Relational and Algebraic Methods in Computer Science - 12th International
               Conference, {RAMICS} 2011, Rotterdam, The Netherlands, May 30 - June
               3, 2011. Proceedings},
  series    = {Lecture Notes in Computer Science},
  volume    = {6663},
  publisher = {Springer},
  year      = {2011},
  url       = {https://doi.org/10.1007/978-3-642-21070-9},
  doi       = {10.1007/978-3-642-21070-9},
  isbn      = {978-3-642-21069-3},
  timestamp = {Fri, 26 May 2017 00:49:45 +0200},
  biburl    = {http://dblp.uni-trier.de/rec/bib/conf/RelMiCS/2011},
  bibsource = {dblp computer science bibliography, http://dblp.org}
}


@article{burstall69,
    author = {Burstall, R. M.},
    doi = {10.1093/comjnl/12.1.41},
    issn = {1460-2067},
    journal = {The Computer Journal},
    month = feb,
    number = {1},
    pages = {41--48},
    posted-at = {2013-12-11 14:51:21},
    priority = {2},
    publisher = {Oxford University Press},
    title = {{Proving Properties of Programs by Structural Induction}},
    url = {http://dx.doi.org/10.1093/comjnl/12.1.41},
    volume = {12},
    year = {1969}
}



@article{goguen-92,
 author = {Goguen, Joseph A. and Burstall, Rod M.},
 title = {Institutions: Abstract Model Theory for Specification and Programming},
 journal = {J. ACM},
 volume = {39},
 number = {1},
 month = jan,
 year = {1992},
 issn = {0004-5411},
 pages = {95--146},
 numpages = {52},
 url = {http://doi.acm.org/10.1145/147508.147524},
 doi = {10.1145/147508.147524},
 acmid = {147524},
 publisher = {ACM},
 address = {New York, NY, USA},
} 


@article {garcia-84,
    AUTHOR = {Garc{\'{\i}}a, O. C. and Taylor, W.},
     TITLE = {The lattice of interpretability types of varieties},
   JOURNAL = {Mem. Amer. Math. Soc.},
  FJOURNAL = {Memoirs of the American Mathematical Society},
    VOLUME = {50},
      YEAR = {1984},
    NUMBER = {305},
     PAGES = {v+125},
      ISSN = {0065-9266},
       DOI = {10.1090/memo/0305},
       URL = {http://dx.doi.org/10.1090/memo/0305},
}

@inbook{mccarthy1967correctness,
  title={Correctness of a compiler for arithmetic expressions},
  author={McCarthy, John and Painter, James},
  volume={1},
  chapter={3},
  pages={33-41},
  year={1967},
  crossref={schwartz1967mathematical},
}


@book{schwartz1967mathematical,
  title={Mathematical Aspects of Computer Science},
  author={Schwartz, J.T. and Society, A.M.},
  isbn={9780821867280},
  series={Proceedings of Symposia in Applied Mathematics},
  year={1967},
  publisher={American Mathematical Society}
}


@article{janssen-98,
  title={Algebraic translations, correctness and algebraic compiler construction},
  author={Janssen, Theo MV},
  journal={Theoretical Computer Science},
  volume={199},
  number={1},
  pages={25--56},
  year={1998},
  publisher={Elsevier}
}

@article{birkhoff-1935,
  title =	 {On the Structure of Abstract Algebras},
  volume =	 {31},
  DOI =		 {10.1017/S0305004100013463},
  number =	 {4},
  journal =	 {Mathematical Proceedings of the Cambridge
                  Philosophical Society},
  publisher =	 {Cambridge University Press},
  author =	 {Birkhoff, Garrett},
  year =	 {1935},
  pages =	 {433–454}
}

@article{birkhoff-70,
  title={Heterogeneous algebras},
  author={Birkhoff, Garrett and Lipson, John D},
  journal={J. of Combinatorial Theory},
  volume={8},
  number={1},
  pages={115--133},
  year={1970},
  publisher={Elsevier}
}


@inproceedings{morris-73,
  title={Advice on structuring compilers and proving them correct},
  author={Morris, F Lockwood},
  booktitle={Proceedings of the 1st annual ACM SIGACT-SIGPLAN symposium on Principles of programming languages},
  pages={144--152},
  year={1973},
  organization={ACM}
}


@article{goguen-77,
  title={Initial algebra semantics and continuous algebras},
  author={Goguen, Joseph A and Thatcher, James W and Wagner, Eric G and Wright, Jesse B},
  journal={J. ACM},
  volume={24},
  number={1},
  pages={68--95},
  year={1977},
  publisher={ACM}
}


@inproceedings{thatcher-80,
  title={More on advice on structuring compilers and proving them correct},
  author={Thatcher, James W and Wagner, Eric G and Wright, Jesse B},
  booktitle={International Workshop on Semantics-Directed Compiler Generation},
  pages={165--188},
  year={1980},
  organization={Springer}
}

 

@inproceedings{capretta-99,
  title={Universal algebra in type theory},
  author={Capretta, Venanzio},
  booktitle={International Conference on Theorem Proving in Higher Order Logics},
  pages={131--148},
  year={1999},
  organization={Springer}
}


@Unpublished{capretta-eq,
  author={Capretta, Venanzio},
  title = 	 {Equational reasoning in type-theory},
  note = 	 {Available at \url{http://www-sop.inria.fr/lemme/Venanzio.Capretta/publications/equational_reasoning.ps.gz}},
  year = 	 {2000},
}

@inproceedings{agda-intro,
  author    = {Ana Bove and
               Peter Dybjer and
               Ulf Norell},
  title     = {A Brief Overview of Agda - {A} Functional Language with Dependent
               Types},
  booktitle = {TPHOLs},
  series    = {Lecture Notes in Computer Science},
  volume    = {5674},
  pages     = {73--78},
  publisher = {Springer},
  year      = {2009}
}


@misc{univAlgebra,
    author    = "Emmanuel Gunther",
    title     = "Implementación de un framework algebraico para traducción de lenguajes",
    year      = 2016,
    url       = "https://git.cs.famaf.unc.edu.ar/semantica-de-la-programacion/algebras-universales/"
}

@inproceedings{mossakowski-15,
 author = {Mossakowski, Till and Krumnack, Ulf and Maibaum, Tom},
 title = {What Is a Derived Signature Morphism?},
 booktitle = {Revised Selected Papers of the 22Nd International Workshop on Recent Trends in Algebraic Development Techniques - Volume 9463},
 series = {WADT 2014},
 year = {2015},
 isbn = {978-3-319-28113-1},
 location = {Sinaia, Romania},
 pages = {90--109},
 numpages = {20},
 acmid = {2947413},
 publisher = {Springer-Verlag New York, Inc.},
 address = {New York, NY, USA},
}

@book{sannella2012foundations,
  title={Foundations of algebraic specification and formal software development},
  author={Sannella, Donald and Tarlecki, Andrzej},
  year={2012},
  publisher={Springer Science \& Business Media}
}



@inproceedings{owens2016bigstep,
  author    = {Scott Owens and
               Magnus O. Myreen and
               Ramana Kumar and
               Yong Kiam Tan},
  title     = {Functional Big-Step Semantics},
  booktitle = {Programming Languages and Systems - 25th European Symposium on Programming,
               {ESOP} 2016, Held as Part of the European Joint Conferences on Theory
               and Practice of Software, {ETAPS} 2016, Eindhoven, The Netherlands,
               April 2-8, 2016, Proceedings},
  pages     = {589--615},
  year      = {2016},
  crossref  = {DBLP:conf/esop/2016},
  url       = {http://dx.doi.org/10.1007/978-3-662-49498-1_23},
  doi       = {10.1007/978-3-662-49498-1_23},
  timestamp = {Tue, 22 Mar 2016 15:54:03 +0100},
  biburl    = {http://dblp.dagstuhl.de/rec/bib/conf/esop/OwensMKT16},
  bibsource = {dblp computer science bibliography, http://dblp.org}
}

@proceedings{DBLP:conf/esop/2016,
  editor    = {Peter Thiemann},
  title     = {Programming Languages and Systems - 25th European Symposium on Programming,
               {ESOP} 2016, Held as Part of the European Joint Conferences on Theory
               and Practice of Software, {ETAPS} 2016, Eindhoven, The Netherlands,
               April 2-8, 2016, Proceedings},
  series    = {Lecture Notes in Computer Science},
  volume    = {9632},
  publisher = {Springer},
  year      = {2016},
  url       = {http://dx.doi.org/10.1007/978-3-662-49498-1},
  doi       = {10.1007/978-3-662-49498-1},
  isbn      = {978-3-662-49497-4},
  timestamp = {Tue, 22 Mar 2016 15:53:12 +0100},
  biburl    = {http://dblp.dagstuhl.de/rec/bib/conf/esop/2016},
  bibsource = {dblp computer science bibliography, http://dblp.org}
}

@inproceedings{jackson1994exploring,
  title={Exploring abstract algebra in constructive type theory},
  author={Jackson, Paul},
  booktitle={International Conference on Automated Deduction},
  pages={590--604},
  year={1994},
  organization={Springer}
}

@inproceedings{yu2003formalizing,
  title={Formalizing abstract algebra in type theory with dependent records},
  author={Yu, Xin and Nogin, Aleksey and Kopylov, Alexei and Hickey, Jason},
  booktitle={16th International Conference on Theorem Proving in Higher Order Logics (TPHOLs 2003). Emerging Trends Proceedings},
  pages={13--27},
  year={2003},
  organization={Citeseer}
}

@phdthesis{mortberg2014formalizing,
  title={Formalizing Refinements and Constructive Algebra in Type Theory},
  author={M{\"o}rtberg, Anders},
  year={2014},
  school={G{\"o}teborg University}
}

@inproceedings{gonthier2013machine,
  author    = {Georges Gonthier and
               Andrea Asperti and
               Jeremy Avigad and
               Yves Bertot and
               Cyril Cohen and
               Fran{\c{c}}ois Garillot and
               St{\'{e}}phane Le Roux and
               Assia Mahboubi and
               Russell O'Connor and
               Sidi Ould Biha and
               Ioana Pasca and
               Laurence Rideau and
               Alexey Solovyev and
               Enrico Tassi and
               Laurent Th{\'{e}}ry},
  title     = {A Machine-Checked Proof of the Odd Order Theorem},
  booktitle = {{ITP}},
  series    = {Lecture Notes in Computer Science},
  volume    = {7998},
  pages     = {163--179},
  publisher = {Springer},
  year      = {2013}
}


@inproceedings{gonthier2013-odd,
  title={A machine-checked proof of the odd order theorem},
  author={Gonthier, Georges and Asperti, Andrea and Avigad, Jeremy and Bertot, Yves and Cohen, Cyril and Garillot, Fran{\c{c}}ois and Le Roux, St{\'e}phane and Mahboubi, Assia and O’Connor, Russell and Biha, Sidi Ould and others},
  booktitle={International Conference on Interactive Theorem Proving},
  pages={163--179},
  year={2013},
  organization={Springer}
}

@inproceedings{goguen2005specifying,
  title={Specifying, Programming and Verifying with Equational Logic.},
  author={Goguen, Joseph A and Lin, Kai},
  booktitle={We Will Show Them! Essays in Honour of Dov Gabbay, Volume Two},
  pages={1--38},
  year={2005},
  publisher = {College Publications},

}

@inproceedings{DBLP:conf/RelMiCS/RochaM08,
  author    = {Camilo Rocha and
               Jos{\'{e}} Meseguer},
  title     = {Theorem Proving Modulo Based on Boolean Equational Procedures},
  booktitle = {RelMiCS},
  series    = {Lecture Notes in Computer Science},
  volume    = {4988},
  pages     = {337--351},
  publisher = {Springer},
  year      = {2008}
}

@inproceedings{RochaM08,
  author    = {Camilo Rocha and
               Jos{\'{e}} Meseguer},
  title     = {Theorem Proving Modulo Based on Boolean Equational Procedures},
  booktitle = {Relations and Kleene Algebra in Computer Science, 10th International
               Conference on Relational Methods in Computer Science, and 5th International
               Conference on Applications of Kleene Algebra, RelMiCS/AKA 2008, Frauenw{\"{o}}rth,
               Germany, April 7-11, 2008. Proceedings},
  pages     = {337--351},
  year      = {2008},
  url       = {http://dx.doi.org/10.1007/978-3-540-78913-0_25},
  doi       = {10.1007/978-3-540-78913-0_25},
}

@article{GoguenM82,
  author    = {Joseph A. Goguen and
               Jos{\'{e}} Meseguer},
  title     = {Completeness of many-sorted equational logic},
  journal   = {{SIGPLAN} Notices},
  volume    = {17},
  number    = {1},
  pages     = {9--17},
  year      = {1982},
  url       = {http://doi.acm.org/10.1145/947886.947887},
  doi       = {10.1145/947886.947887},
  timestamp = {Mon, 01 Feb 2010 10:12:41 +0100},
  biburl    = {http://dblp.dagstuhl.de/rec/bib/journals/sigplan/GoguenM82},
  bibsource = {dblp computer science bibliography, http://dblp.org}
}